% Journals

% First the Full Name is given, then the abbreviation used in the AMS Math
% Reviews, with an indication if it could not be found there.
% Note the 2nd overwrites the 1st, so swap them if you want the full name.

@INPROCEEDINGS{6106531,
  author={Jing Han and Haihong E and Guan Le and Jian Du},
  booktitle={2011 6th International Conference on Pervasive Computing and Applications}, 
  title={Survey on NoSQL database}, 
  year={2011},
  volume={},
  number={},
  pages={363-366},
  doi={10.1109/ICPCA.2011.6106531}}


@INPROCEEDINGS{7592700,
  author={Hashem, Hadi and Ranc, Daniel},
  booktitle={2016 IEEE 4th International Conference on Future Internet of Things and Cloud Workshops (FiCloudW)}, 
  title={Evaluating NoSQL Document Oriented Data Model}, 
  year={2016},
  volume={},
  number={},
  pages={51-56},
  doi={10.1109/W-FiCloud.2016.26}}


@INPROCEEDINGS{JsonSchemaDiscovery,

  author={Frozza, Angelo Augusto and Mello, Ronaldo dos Santos and Costa, Felipe de Souza da},
  booktitle={2018 IEEE International Conference on Information Reuse and Integration (IRI)}, 
  title={An Approach for Schema Extraction of JSON and Extended JSON Document Collections}, 
  year={2018},
  volume={},
  number={},
  pages={356-363},
  doi={10.1109/IRI.2018.00060}}

@article{WangSchemaManagement,
  title={Schema management for document stores},
  author={Wang, Lanjun and Zhang, Shuo and Shi, Juwei and Jiao, Limei and Hassanzadeh, Oktie and Zou, Jia and Wangz, Chen},
  journal={Proceedings of the VLDB Endowment},
  volume={8},
  number={9},
  pages={922--933},
  year={2015},
  publisher={VLDB Endowment}
}